@ARTICLE{MDF2018,
   author = {{Knopp}, T. and {Viereck}, T. and {Bringout}, G. and {Ahlborg}, M. and 
	{von Gladiss}, A. and {Kaethner}, C. and {Neumann}, A. and {Vogel}, P. and 
	{Rahmer}, J. and {M{\"o}ddel}, M.},
    title = "{MDF: Magnetic Particle Imaging Data Format}",
  journal = {ArXiv e-prints},
archivePrefix = "arXiv",
   eprint = {1602.06072v6},
 primaryClass = "physics.med-ph",
 keywords = {Physics - Medical Physics},
     year = 2018,
    month = jan,
}
