@ARTICLE{Gleich2005,
  author = {Bernhard Gleich and JÃ¼rgen Weizenecker},
  title = {Tomographic imaging using the nonlinear response of magnetic particles},
  journal = {Nature},
  year = {2005},
  volume = {435},
  pages = {1214--1217},
  number = {7046}
}


@article{lampe2012fast,
  title={Fast reconstruction in magnetic particle imaging},
  author={Lampe, J and Bassoy, C and Rahmer, J and Weizenecker, J and Voss, H and Gleich, B and Borgert, J},
  journal={Physics in Medicine \& Biology},
  volume={57},
  number={4},
  pages={1113},
  year={2012},
  publisher={IOP Publishing}
}

@article{knopp2015compression,
  title={Local system matrix compression for efficient reconstruction in magnetic particle imaging},
  author={Knopp, T and Weber, A},
  journal={Advances in Mathematical Physics},
  volume={2015},
  year={2015},
}


@article{leach2005universally,
  title={A universally unique identifier (uuid) urn namespace},
  author={Leach, Paul J and Mealling, Michael and Salz, Rich},
  year={2005}
}

@ONLINE{hdf5,
    author = {{The HDF Group}},
    title = "{Hierarchical Data Format, version 5}",
    year = {1997-2016},
    note = {http://www.hdfgroup.org/HDF5/}
}

@article{Bezanson2014,
  author    = {Jeff Bezanson and
               Jiahao Chen and
               Stefan Karpinski and
               Viral B. Shah and
               Alan Edelman},
  title     = {Array operators using multiple dispatch: a design methodology for
               array implementations in dynamic languages},
  journal   = {CoRR},
  volume    = {abs/1407.3845},
  year      = {2014},
  url       = {http://arxiv.org/abs/1407.3845},
  timestamp = {Fri, 01 Aug 2014 13:50:01 +0200},
  biburl    = {http://dblp.uni-trier.de/rec/bib/journals/corr/BezansonCKSE14},
  bibsource = {dblp computer science bibliography, http://dblp.org}
}

@article{Bezanson2014a,
  author    = {Jeff Bezanson and
               Alan Edelman and
               Stefan Karpinski and
               Viral B. Shah},
  title     = {Julia: {A} Fresh Approach to Numerical Computing},
  journal   = {CoRR},
  volume    = {abs/1411.1607},
  year      = {2014},
  url       = {http://arxiv.org/abs/1411.1607},
  timestamp = {Mon, 01 Dec 2014 14:32:13 +0100},
  biburl    = {http://dblp.uni-trier.de/rec/bib/journals/corr/BezansonEKS14},
  bibsource = {dblp computer science bibliography, http://dblp.org}
}

@article{Bezanson2012,
  author    = {Jeff Bezanson and
               Stefan Karpinski and
               Viral B. Shah and
               Alan Edelman},
  title     = {Julia: {A} Fast Dynamic Language for Technical Computing},
  journal   = {CoRR},
  volume    = {abs/1209.5145},
  year      = {2012},
  url       = {http://arxiv.org/abs/1209.5145},
  timestamp = {Wed, 10 Oct 2012 21:28:55 +0200},
  biburl    = {http://dblp.uni-trier.de/rec/bib/journals/corr/abs-1209-5145},
  bibsource = {dblp computer science bibliography, http://dblp.org}
}
